@article{stanfordskin,
  title={A skin-inspired organic digital mechanoreceptor},
  author={Tee, Benjamin C-K and Chortos, Alex and Berndt, Andre and Nguyen, Amanda Kim and Tom, Ariane and McGuire, Allister and Lin, Ziliang Carter and Tien, Kevin and Bae, Won-Gyu and Wang, Huiliang and others},
  journal={Science},
  volume={350},
  number={6258},
  pages={313--316},
  year={2015},
  publisher={American Association for the Advancement of Science}
}
@misc{softsign,
  title={CS 224D: Deep Learning for NLP. Lecture Notes: Part III. Spring 2015},
  author={Mundra, Rohit and Socher, Richard},
  pages={11},
  howpublished = {\url{https://cs224d.stanford.edu/lecture_notes/LectureNotes3.pdf}},
  note = {Accessed: 10/01/2017}
}
@inproceedings{srivastava2012multimodal,
  title={Multimodal learning with deep boltzmann machines},
  author={Srivastava, Nitish and Salakhutdinov, Ruslan R},
  booktitle={Advances in neural information processing systems},
  pages={2222--2230},
  year={2012}
}
